@inproceedings{Spark,
 author = {Zaharia, Matei and Chowdhury, Mosharaf and Franklin, Michael J. and Shenker, Scott and Stoica, Ion},
 title = {Spark: Cluster Computing with Working Sets},
 booktitle = {Proceedings of the 2Nd USENIX Conference on Hot Topics in Cloud Computing},
 series = {HotCloud'10},
 year = {2010},
 location = {Boston, MA},
 url = {http://dl.acm.org/citation.cfm?id=1863103.1863113},
 publisher = {USENIX Association},
}

@misc{bigdata_benchmark,
  title = {{Big Data benchmark}},
  howpublished = {\url{https://amplab.cs.berkeley.edu/benchmark/}}
}
@misc{tpc_h,
  title = {{TPC-H benchmark}},
  howpublished = {\url{http://www.tpc.org/tpch/}}
}
@misc{cloudsuite,
  title = {{CloudSuite}},
  howpublished = {\url{http://parsa.epfl.ch/cloudsuite/cloudsuite.html}}
}

@article{oltp_bench, 
  author = {Djellel Eddine Difallah and Andrew Pavlo and Carlo Curino and Philippe Cudr{\'e}-Mauroux}, 
  title = {OLTP-Bench: An Extensible Testbed for Benchmarking Relational Databases}, 
  journal = {PVLDB}, 
  year = {2013}, 
  url = {http://www.cs.cmu.edu/~pavlo/static/papers/oltpbench-vldb.pdf}, 
 }

